<?xml version="1.0" encoding="UTF-8"?><collection xmlns="http://www.loc.gov/MARC21/slim"><record><leader>00430nam--2200121-i-4500</leader><controlfield tag="001">000043338</controlfield><controlfield tag="002">20161230</controlfield><controlfield tag="005">20161230201044</controlfield><controlfield tag="008">060222s1000------------r-----000-0-eng-d</controlfield><datafield ind1=" " ind2=" " tag="245"><subfield code="a">Symopsium on light microscopy. presented at the 55 annual meeting american society for testing materials, new york, june 25, 1952</subfield></datafield><datafield ind1=" " ind2=" " tag="260"><subfield code="a">Philadelphia, American Soc.For Testing Materialsl, 1953. 126 P</subfield></datafield><datafield ind1=" " ind2=" " tag="490"><subfield code="a">Astm Special Publ</subfield></datafield><datafield ind1=" " ind2=" " tag="852"><subfield code="a">14265</subfield></datafield></record></collection>